<?xml version="1.0" encoding="UTF-8"?><record xmlns="http://www.loc.gov/MARC21/slim" xmlns:cinclude="http://apache.org/cocoon/include/1.0" xmlns:zs="http://www.loc.gov/zing/srw/">
  <leader>00570nz  a2200157n  4500</leader>
  <controlfield tag="001">no2013127145</controlfield>
  <controlfield tag="003">DLC</controlfield>
  <controlfield tag="005">20131114073547.0</controlfield>
  <controlfield tag="008">131113n| azannaabn          |n aaa     c</controlfield>
  <datafield tag="010" ind1=" " ind2=" ">
    <subfield code="a">no2013127145</subfield>
  </datafield>
  <datafield tag="035" ind1=" " ind2=" ">
    <subfield code="a">(OCoLC)oca09614273</subfield>
  </datafield>
  <datafield tag="040" ind1=" " ind2=" ">
    <subfield code="a">TNJ</subfield>
    <subfield code="b">eng</subfield>
    <subfield code="e">rda</subfield>
    <subfield code="c">TNJ</subfield>
  </datafield>
  <datafield tag="100" ind1="1" ind2=" ">
    <subfield code="a">Kaspar, Stefan</subfield>
    <subfield code="c">(Producer)</subfield>
  </datafield>
  <datafield tag="374" ind1=" " ind2=" ">
    <subfield code="a">Motion picture producers and directors</subfield>
    <subfield code="2">lcsh</subfield>
  </datafield>
  <datafield tag="670" ind1=" " ind2=" ">
    <subfield code="a">Reportaje a la muerte, 2011:</subfield>
    <subfield code="b">opening titles (una produccioĚn Gavidia-Kaspar) container (Stefan Kaspar; credited with general production)</subfield>
  </datafield>
  <datafield tag="670" ind1=" " ind2=" ">
    <subfield code="a">IMDB, Nov. 13, 2013</subfield>
    <subfield code="b">(Stefan Kaspar, producer)</subfield>
  </datafield>
</record>